%YAML 1.1
%TAG !u! tag:unity3d.com,2011:
--- !u!1001 &100100000
Prefab:
  m_ObjectHideFlags: 1
  serializedVersion: 2
  m_Modification:
    m_TransformParent: {fileID: 0}
    m_Modifications: []
    m_RemovedComponents: []
  m_ParentPrefab: {fileID: 0}
  m_RootGameObject: {fileID: 1222422075346140}
  m_IsPrefabParent: 1
--- !u!1 &1222422075346140
GameObject:
  m_ObjectHideFlags: 0
  m_PrefabParentObject: {fileID: 0}
  m_PrefabInternal: {fileID: 100100000}
  serializedVersion: 5
  m_Component:
  - component: {fileID: 4657198450977964}
  - component: {fileID: 114863806031907240}
  m_Layer: 0
  m_Name: InputManager
  m_TagString: Untagged
  m_Icon: {fileID: 0}
  m_NavMeshLayer: 0
  m_StaticEditorFlags: 0
  m_IsActive: 1
--- !u!1 &1360173222780252
GameObject:
  m_ObjectHideFlags: 0
  m_PrefabParentObject: {fileID: 0}
  m_PrefabInternal: {fileID: 100100000}
  serializedVersion: 5
  m_Component:
  - component: {fileID: 4311075267854926}
  - component: {fileID: 114287995114129240}
  - component: {fileID: 114971162405987830}
  - component: {fileID: 114687297006758908}
  m_Layer: 0
  m_Name: WifiHandlerPlayer3
  m_TagString: Untagged
  m_Icon: {fileID: 0}
  m_NavMeshLayer: 0
  m_StaticEditorFlags: 0
  m_IsActive: 1
--- !u!1 &1462914810790974
GameObject:
  m_ObjectHideFlags: 0
  m_PrefabParentObject: {fileID: 0}
  m_PrefabInternal: {fileID: 100100000}
  serializedVersion: 5
  m_Component:
  - component: {fileID: 4912376885184146}
  - component: {fileID: 114398709227822796}
  - component: {fileID: 114999767862059110}
  - component: {fileID: 114383672112293724}
  m_Layer: 0
  m_Name: WifiHandlerPlayer1
  m_TagString: Untagged
  m_Icon: {fileID: 0}
  m_NavMeshLayer: 0
  m_StaticEditorFlags: 0
  m_IsActive: 1
--- !u!1 &1700587352552220
GameObject:
  m_ObjectHideFlags: 0
  m_PrefabParentObject: {fileID: 0}
  m_PrefabInternal: {fileID: 100100000}
  serializedVersion: 5
  m_Component:
  - component: {fileID: 4146328920494072}
  - component: {fileID: 114255992913292064}
  - component: {fileID: 114741782308353778}
  - component: {fileID: 114485121737704332}
  m_Layer: 0
  m_Name: WifiHandlerPlayer2
  m_TagString: Untagged
  m_Icon: {fileID: 0}
  m_NavMeshLayer: 0
  m_StaticEditorFlags: 0
  m_IsActive: 1
--- !u!1 &1827119944232346
GameObject:
  m_ObjectHideFlags: 0
  m_PrefabParentObject: {fileID: 0}
  m_PrefabInternal: {fileID: 100100000}
  serializedVersion: 5
  m_Component:
  - component: {fileID: 4108001630785424}
  - component: {fileID: 114656902993407264}
  - component: {fileID: 114467649587469472}
  - component: {fileID: 114318401090308666}
  m_Layer: 0
  m_Name: WifiHandlerPlayer4
  m_TagString: Untagged
  m_Icon: {fileID: 0}
  m_NavMeshLayer: 0
  m_StaticEditorFlags: 0
  m_IsActive: 1
--- !u!4 &4108001630785424
Transform:
  m_ObjectHideFlags: 1
  m_PrefabParentObject: {fileID: 0}
  m_PrefabInternal: {fileID: 100100000}
  m_GameObject: {fileID: 1827119944232346}
  m_LocalRotation: {x: -0, y: -0, z: -0, w: 1}
  m_LocalPosition: {x: 0, y: 0, z: 0}
  m_LocalScale: {x: 1, y: 1, z: 1}
  m_Children: []
  m_Father: {fileID: 4657198450977964}
  m_RootOrder: 3
  m_LocalEulerAnglesHint: {x: 0, y: 0, z: 0}
--- !u!4 &4146328920494072
Transform:
  m_ObjectHideFlags: 1
  m_PrefabParentObject: {fileID: 0}
  m_PrefabInternal: {fileID: 100100000}
  m_GameObject: {fileID: 1700587352552220}
  m_LocalRotation: {x: -0, y: -0, z: -0, w: 1}
  m_LocalPosition: {x: 0, y: 0, z: 0}
  m_LocalScale: {x: 1, y: 1, z: 1}
  m_Children: []
  m_Father: {fileID: 4657198450977964}
  m_RootOrder: 1
  m_LocalEulerAnglesHint: {x: 0, y: 0, z: 0}
--- !u!4 &4311075267854926
Transform:
  m_ObjectHideFlags: 1
  m_PrefabParentObject: {fileID: 0}
  m_PrefabInternal: {fileID: 100100000}
  m_GameObject: {fileID: 1360173222780252}
  m_LocalRotation: {x: -0, y: -0, z: -0, w: 1}
  m_LocalPosition: {x: 0, y: 0, z: 0}
  m_LocalScale: {x: 1, y: 1, z: 1}
  m_Children: []
  m_Father: {fileID: 4657198450977964}
  m_RootOrder: 2
  m_LocalEulerAnglesHint: {x: 0, y: 0, z: 0}
--- !u!4 &4657198450977964
Transform:
  m_ObjectHideFlags: 1
  m_PrefabParentObject: {fileID: 0}
  m_PrefabInternal: {fileID: 100100000}
  m_GameObject: {fileID: 1222422075346140}
  m_LocalRotation: {x: -0, y: -0, z: -0, w: 1}
  m_LocalPosition: {x: -16, y: 3.21, z: 13.4}
  m_LocalScale: {x: 1, y: 1, z: 1}
  m_Children:
  - {fileID: 4912376885184146}
  - {fileID: 4146328920494072}
  - {fileID: 4311075267854926}
  - {fileID: 4108001630785424}
  m_Father: {fileID: 0}
  m_RootOrder: 0
  m_LocalEulerAnglesHint: {x: 0, y: 0, z: 0}
--- !u!4 &4912376885184146
Transform:
  m_ObjectHideFlags: 1
  m_PrefabParentObject: {fileID: 0}
  m_PrefabInternal: {fileID: 100100000}
  m_GameObject: {fileID: 1462914810790974}
  m_LocalRotation: {x: -0, y: -0, z: -0, w: 1}
  m_LocalPosition: {x: 0, y: 0, z: 0}
  m_LocalScale: {x: 1, y: 1, z: 1}
  m_Children: []
  m_Father: {fileID: 4657198450977964}
  m_RootOrder: 0
  m_LocalEulerAnglesHint: {x: 0, y: 0, z: 0}
--- !u!114 &114255992913292064
MonoBehaviour:
  m_ObjectHideFlags: 1
  m_PrefabParentObject: {fileID: 0}
  m_PrefabInternal: {fileID: 100100000}
  m_GameObject: {fileID: 1700587352552220}
  m_Enabled: 1
  m_EditorHideFlags: 0
  m_Script: {fileID: 11500000, guid: 7d822f66f988d404b903ce801ef68d6b, type: 3}
  m_Name: 
  m_EditorClassIdentifier: 
  control: DPad1
  player: 1
  dPadHorizontal: 0
  dPadVertical: 1
  action: 0
  sensitivity: 1
--- !u!114 &114287995114129240
MonoBehaviour:
  m_ObjectHideFlags: 1
  m_PrefabParentObject: {fileID: 0}
  m_PrefabInternal: {fileID: 100100000}
  m_GameObject: {fileID: 1360173222780252}
  m_Enabled: 1
  m_EditorHideFlags: 0
  m_Script: {fileID: 11500000, guid: 7d822f66f988d404b903ce801ef68d6b, type: 3}
  m_Name: 
  m_EditorClassIdentifier: 
  control: DPad1
  player: 2
  dPadHorizontal: 0
  dPadVertical: 1
  action: 0
  sensitivity: 1
--- !u!114 &114318401090308666
MonoBehaviour:
  m_ObjectHideFlags: 1
  m_PrefabParentObject: {fileID: 0}
  m_PrefabInternal: {fileID: 100100000}
  m_GameObject: {fileID: 1827119944232346}
  m_Enabled: 1
  m_EditorHideFlags: 0
  m_Script: {fileID: 11500000, guid: 2610d61dfb3850d48a33ace0445018e2, type: 3}
  m_Name: 
  m_EditorClassIdentifier: 
  isForward: 0
  useInput: 0
  control: Button2
  player: 3
  callType: 0
  ButtonCallback:
    m_PersistentCalls:
      m_Calls: []
    m_TypeName: CustomEvent, Assembly-CSharp, Version=0.0.0.0, Culture=neutral, PublicKeyToken=null
--- !u!114 &114383672112293724
MonoBehaviour:
  m_ObjectHideFlags: 1
  m_PrefabParentObject: {fileID: 0}
  m_PrefabInternal: {fileID: 100100000}
  m_GameObject: {fileID: 1462914810790974}
  m_Enabled: 1
  m_EditorHideFlags: 0
  m_Script: {fileID: 11500000, guid: 2610d61dfb3850d48a33ace0445018e2, type: 3}
  m_Name: 
  m_EditorClassIdentifier: 
  isForward: 0
  useInput: 0
  control: Button2
  player: 0
  callType: 0
  ButtonCallback:
    m_PersistentCalls:
      m_Calls: []
    m_TypeName: CustomEvent, Assembly-CSharp, Version=0.0.0.0, Culture=neutral, PublicKeyToken=null
--- !u!114 &114398709227822796
MonoBehaviour:
  m_ObjectHideFlags: 1
  m_PrefabParentObject: {fileID: 0}
  m_PrefabInternal: {fileID: 100100000}
  m_GameObject: {fileID: 1462914810790974}
  m_Enabled: 1
  m_EditorHideFlags: 0
  m_Script: {fileID: 11500000, guid: 7d822f66f988d404b903ce801ef68d6b, type: 3}
  m_Name: 
  m_EditorClassIdentifier: 
  control: DPad1
  player: 0
  dPadHorizontal: 0
  dPadVertical: 1
  action: 0
  sensitivity: 1
--- !u!114 &114467649587469472
MonoBehaviour:
  m_ObjectHideFlags: 1
  m_PrefabParentObject: {fileID: 0}
  m_PrefabInternal: {fileID: 100100000}
  m_GameObject: {fileID: 1827119944232346}
  m_Enabled: 1
  m_EditorHideFlags: 0
  m_Script: {fileID: 11500000, guid: 2610d61dfb3850d48a33ace0445018e2, type: 3}
  m_Name: 
  m_EditorClassIdentifier: 
  isForward: 1
  useInput: 0
  control: Button1
  player: 3
  callType: 0
  ButtonCallback:
    m_PersistentCalls:
      m_Calls: []
    m_TypeName: CustomEvent, Assembly-CSharp, Version=0.0.0.0, Culture=neutral, PublicKeyToken=null
--- !u!114 &114485121737704332
MonoBehaviour:
  m_ObjectHideFlags: 1
  m_PrefabParentObject: {fileID: 0}
  m_PrefabInternal: {fileID: 100100000}
  m_GameObject: {fileID: 1700587352552220}
  m_Enabled: 1
  m_EditorHideFlags: 0
  m_Script: {fileID: 11500000, guid: 2610d61dfb3850d48a33ace0445018e2, type: 3}
  m_Name: 
  m_EditorClassIdentifier: 
  isForward: 0
  useInput: 0
  control: Button2
  player: 1
  callType: 0
  ButtonCallback:
    m_PersistentCalls:
      m_Calls: []
    m_TypeName: CustomEvent, Assembly-CSharp, Version=0.0.0.0, Culture=neutral, PublicKeyToken=null
--- !u!114 &114656902993407264
MonoBehaviour:
  m_ObjectHideFlags: 1
  m_PrefabParentObject: {fileID: 0}
  m_PrefabInternal: {fileID: 100100000}
  m_GameObject: {fileID: 1827119944232346}
  m_Enabled: 1
  m_EditorHideFlags: 0
  m_Script: {fileID: 11500000, guid: 7d822f66f988d404b903ce801ef68d6b, type: 3}
  m_Name: 
  m_EditorClassIdentifier: 
  control: DPad1
  player: 3
  dPadHorizontal: 0
  dPadVertical: 1
  action: 0
  sensitivity: 1
--- !u!114 &114687297006758908
MonoBehaviour:
  m_ObjectHideFlags: 1
  m_PrefabParentObject: {fileID: 0}
  m_PrefabInternal: {fileID: 100100000}
  m_GameObject: {fileID: 1360173222780252}
  m_Enabled: 1
  m_EditorHideFlags: 0
  m_Script: {fileID: 11500000, guid: 2610d61dfb3850d48a33ace0445018e2, type: 3}
  m_Name: 
  m_EditorClassIdentifier: 
  isForward: 0
  useInput: 0
  control: Button2
  player: 2
  callType: 0
  ButtonCallback:
    m_PersistentCalls:
      m_Calls: []
    m_TypeName: CustomEvent, Assembly-CSharp, Version=0.0.0.0, Culture=neutral, PublicKeyToken=null
--- !u!114 &114741782308353778
MonoBehaviour:
  m_ObjectHideFlags: 1
  m_PrefabParentObject: {fileID: 0}
  m_PrefabInternal: {fileID: 100100000}
  m_GameObject: {fileID: 1700587352552220}
  m_Enabled: 1
  m_EditorHideFlags: 0
  m_Script: {fileID: 11500000, guid: 2610d61dfb3850d48a33ace0445018e2, type: 3}
  m_Name: 
  m_EditorClassIdentifier: 
  isForward: 1
  useInput: 0
  control: Button1
  player: 1
  callType: 0
  ButtonCallback:
    m_PersistentCalls:
      m_Calls: []
    m_TypeName: CustomEvent, Assembly-CSharp, Version=0.0.0.0, Culture=neutral, PublicKeyToken=null
--- !u!114 &114863806031907240
MonoBehaviour:
  m_ObjectHideFlags: 1
  m_PrefabParentObject: {fileID: 0}
  m_PrefabInternal: {fileID: 100100000}
  m_GameObject: {fileID: 1222422075346140}
  m_Enabled: 1
  m_EditorHideFlags: 0
  m_Script: {fileID: 11500000, guid: f4a556fe0f28e427aa877fc5da1eb05e, type: 3}
  m_Name: 
  m_EditorClassIdentifier: 
  MobileTouchControls: {fileID: 0}
--- !u!114 &114971162405987830
MonoBehaviour:
  m_ObjectHideFlags: 1
  m_PrefabParentObject: {fileID: 0}
  m_PrefabInternal: {fileID: 100100000}
  m_GameObject: {fileID: 1360173222780252}
  m_Enabled: 1
  m_EditorHideFlags: 0
  m_Script: {fileID: 11500000, guid: 2610d61dfb3850d48a33ace0445018e2, type: 3}
  m_Name: 
  m_EditorClassIdentifier: 
  isForward: 1
  useInput: 0
  control: Button1
  player: 2
  callType: 0
  ButtonCallback:
    m_PersistentCalls:
      m_Calls: []
    m_TypeName: CustomEvent, Assembly-CSharp, Version=0.0.0.0, Culture=neutral, PublicKeyToken=null
--- !u!114 &114999767862059110
MonoBehaviour:
  m_ObjectHideFlags: 1
  m_PrefabParentObject: {fileID: 0}
  m_PrefabInternal: {fileID: 100100000}
  m_GameObject: {fileID: 1462914810790974}
  m_Enabled: 1
  m_EditorHideFlags: 0
  m_Script: {fileID: 11500000, guid: 2610d61dfb3850d48a33ace0445018e2, type: 3}
  m_Name: 
  m_EditorClassIdentifier: 
  isForward: 1
  useInput: 0
  control: Button1
  player: 0
  callType: 0
  ButtonCallback:
    m_PersistentCalls:
      m_Calls: []
    m_TypeName: CustomEvent, Assembly-CSharp, Version=0.0.0.0, Culture=neutral, PublicKeyToken=null
